<collection xmlns="http://www.loc.gov/MARC21/slim">
<record>
  <leader>02125nam0a2200373 i 450 </leader>
  <controlfield tag="001">IT\ICCU\CNCE\002790</controlfield>
  <controlfield tag="005">20070917000000.0</controlfield>
  <datafield tag="012" ind1=" " ind2=" ">
    <subfield code="a">leui toar a.ua MaSe (C) 1577 (A)</subfield>
    <subfield code="2">fei</subfield>
  </datafield>
  <datafield tag="100" ind1=" " ind2=" ">
    <subfield code="a">19970101d1577        0itac0103    ba</subfield>
  </datafield>
  <datafield tag="101" ind1=" " ind2=" ">
    <subfield code="a">ITA</subfield>
  </datafield>
  <datafield tag="102" ind1=" " ind2=" ">
    <subfield code="a">IT</subfield>
  </datafield>
  <datafield tag="200" ind1="1" ind2=" ">
    <subfield code="a">Orlando furioso ... Con nuoui argomenti di Lodouico Dolce, con la vita dell&apos;autore di Simon Fornari ... le nuoue allegorie, &amp; annotationi di Tomaso Porcacchi</subfield>
  </datafield>
  <datafield tag="210" ind1=" " ind2=" ">
    <subfield code="a">In Venetia</subfield>
    <subfield code="c">appresso Iacomo Gidini</subfield>
    <subfield code="d">1577</subfield>
  </datafield>
  <datafield tag="215" ind1=" " ind2=" ">
    <subfield code="a">\338! c.</subfield>
    <subfield code="c">ill.</subfield>
    <subfield code="d">4ʻ</subfield>
  </datafield>
  <datafield tag="300" ind1=" " ind2=" ">
    <subfield code="a">A c. OO3r. con front. proprio: Cinque canti di m. Lodouico Ariosto. I quali seguono la materia del Furioso. - In Venetia : appresso Iacomo Gidini, 1577 (In Venetia : appresso Camillo de Franceschini, 1577)</subfield>
  </datafield>
  <datafield tag="423" ind1=" " ind2="0">
    <subfield code="1">001IT\ICCU\CNCE\043586</subfield>
    <subfield code="1">2001 </subfield>
    <subfield code="a">Cinque canti</subfield>
  </datafield>
  <datafield tag="620" ind1=" " ind2=" ">
    <subfield code="a">IT</subfield>
    <subfield code="d">Venezia</subfield>
  </datafield>
  <datafield tag="700" ind1=" " ind2="1">
    <subfield code="a">Ariosto,</subfield>
    <subfield code="b">Ludovico</subfield>
    <subfield code="3">IT\ICCU\CNCA\000866</subfield>
  </datafield>
  <datafield tag="702" ind1=" " ind2="1">
    <subfield code="a">Dolce,</subfield>
    <subfield code="b">Lodovico</subfield>
    <subfield code="3">IT\ICCU\CNCA\000014</subfield>
  </datafield>
  <datafield tag="702" ind1=" " ind2="1">
    <subfield code="a">Porcacchi,</subfield>
    <subfield code="b">Tommaso</subfield>
    <subfield code="3">IT\ICCU\CNCA\000149</subfield>
  </datafield>
  <datafield tag="702" ind1=" " ind2="1">
    <subfield code="a">Fornari,</subfield>
    <subfield code="b">Simone</subfield>
    <subfield code="3">IT\ICCU\CNCA\000261</subfield>
  </datafield>
  <datafield tag="712" ind1="0" ind2="0">
    <subfield code="a">Ghedini, Giacomo</subfield>
    <subfield code="3">IT\ICCU\CNCT\000680</subfield>
    <subfield code="4">650</subfield>
  </datafield>
  <datafield tag="712" ind1="0" ind2="0">
    <subfield code="a">Franceschini, Camillo</subfield>
    <subfield code="3">IT\ICCU\CNCT\000546</subfield>
    <subfield code="4">650</subfield>
  </datafield>
  <datafield tag="790" ind1=" " ind2="1">
    <subfield code="a">Dulcius,</subfield>
    <subfield code="b">Ludovicus</subfield>
    <subfield code="3">IT\ICCU\CNCA\018398</subfield>
    <subfield code="z">Dolce, Lodovico</subfield>
  </datafield>
  <datafield tag="790" ind1=" " ind2="1">
    <subfield code="a">Dolci,</subfield>
    <subfield code="b">Lodovico</subfield>
    <subfield code="3">IT\ICCU\CNCA\018400</subfield>
    <subfield code="z">Dolce, Lodovico</subfield>
  </datafield>
  <datafield tag="790" ind1=" " ind2="1">
    <subfield code="a">Porcacchi da Castiglione,</subfield>
    <subfield code="b">Tomaso</subfield>
    <subfield code="3">IT\ICCU\CNCA\014928</subfield>
    <subfield code="z">Porcacchi, Tommaso</subfield>
  </datafield>
  <datafield tag="791" ind1="0" ind2="0">
    <subfield code="a">Giedini, Iacomo</subfield>
    <subfield code="3">IT\ICCU\CNCT\002800</subfield>
    <subfield code="z">Ghedini, Giacomo</subfield>
  </datafield>
  <datafield tag="791" ind1="0" ind2="0">
    <subfield code="a">Gidini, Iacomo</subfield>
    <subfield code="3">IT\ICCU\CNCT\002801</subfield>
    <subfield code="z">Ghedini, Giacomo</subfield>
  </datafield>
  <datafield tag="791" ind1="0" ind2="0">
    <subfield code="a">Ghidini, Giacomo</subfield>
    <subfield code="3">IT\ICCU\CNCT\003833</subfield>
    <subfield code="z">Ghedini, Giacomo</subfield>
  </datafield>
  <datafield tag="791" ind1="0" ind2="2">
    <subfield code="a">℗al segno della ℗Fede</subfield>
    <subfield code="c"> &lt;1577-1583&gt;</subfield>
    <subfield code="3">IT\ICCU\CNCT\006151</subfield>
    <subfield code="z">Ghedini, Giacomo</subfield>
  </datafield>
  <datafield tag="791" ind1="0" ind2="0">
    <subfield code="a">Francischinus, Camillus</subfield>
    <subfield code="3">IT\ICCU\CNCT\003811</subfield>
    <subfield code="z">Franceschini, Camillo</subfield>
  </datafield>
  <datafield tag="801" ind1=" " ind2="3">
    <subfield code="a">IT</subfield>
    <subfield code="b">ICCU</subfield>
    <subfield code="c">20201113</subfield>
  </datafield>
  <datafield tag="899" ind1=" " ind2=" ">
    <subfield code="a">Biblioteca Estense Universitaria. Modena</subfield>
    <subfield code="1">MO0089</subfield>
    <subfield code="2">MOD BE</subfield>
  </datafield>
  <datafield tag="921" ind1=" " ind2=" ">
    <subfield code="a">IT\ICCU\CNCM\002242</subfield>
    <subfield code="b">Fede (donna inginocchiata tiene nella destra un calice e con la sinistra regge una croce. Sulla croce nastro con scritta: FEDE). Nella cornice del frontespizio.</subfield>
    <subfield code="c">U777</subfield>
    <subfield code="f">FEDE</subfield>
    <subfield code="f">DONNA</subfield>
    <subfield code="f">CALICE</subfield>
    <subfield code="f">CROCE</subfield>
    <subfield code="g">1577</subfield>
  </datafield>
</record>
</collection>
